@misc{KampakisStylianos2015,
    year = {2015},
    title = {Using Machine Learning to Predict the Outcome of English County twenty over Cricket Matches},
    author = {Kampakis, Stylianos and Thomas, William},
    URL = {https://arxiv.org/ftp/arxiv/papers/1511/1511.05837.pdf}
}

@article{horvat2020,
  title={The use of machine learning in sport outcome prediction: A review},
  author={Horvat, Tomislav and Job, Josip},
  journal={Wiley Interdisciplinary Reviews: Data Mining and Knowledge Discovery},
  volume={10},
  number={5},
  pages={e1380},
  year={2020},
  publisher={Wiley Online Library},
  URL={https://wires.onlinelibrary.wiley.com/doi/pdf/10.1002/widm.1380?casa_token=aXIDtR-gOHQAAAAA\%3A-YGsS9bhdiOkYkurvCmBCdZpbAx-MV4VF806rtp_h1CXJlCC0pg4hFFknpmc9dAb3wBAVu7NZ_FOBQ}
}

@inproceedings{silver2021baseball,
  title={Baseball Predictions and Strategies Using Explainable AI},
  author={Silver, Joshua and Huffman, Tate},
  booktitle={The 15th Annual MIT Sloan Sports Analytics Conference},
  year={2021},
  url={https://singlearity.com/static/assets/sloan-singlearity.pdf}
}

@misc{ESPNcricinfo2018,
    year = {2018},
    URL = {https://www.espncricinfo.com/story/tim-wigmore-how-can-the-ipl-become-a-global-sports-giant-1150459},
    author = {ESPNcricinfo},
    title={How can the IPL become a global sports giant?},
    note={Last accessed 05 May 2023},
}

@article{Saikia2012,
    journal = {International Journal of Performance Analysis in Sport},
    pages = {75--90},
    volume = {12},
    number = {1},
    year = {2012},
    title = {Predicting the Performance of Bowlers in IPL: An Application of Artificial Neural Network.},
    author = {Saikia, Hemanta and Bhattacharjee, Dibyojyoti and Lemmer, Hermanus H},
    month = {April},
}

@book{Moneyball2004,
  title={Moneyball: The art of winning an unfair game},
  author={Lewis, Michael},
  year={2004},
  publisher={WW Norton \& Company}
}

@misc{Fox2019,
    title={The Tampa Bays are the undisputed kings of moneyball},
    year={2019},
    author={Fox Sports},
    URL={https://www.foxsports.com/stories/mlb/the-tampa-bay-rays-are-the-undisputed-kings-of-moneyball},
     note={Last accessed 05 May 2023},
}

@misc{Liverpool2022,
    title={Who is Ian Graham? Liverpool suffer second transfer blow after Julian Ward departure},
    year={2022},
    Author={Liverpool FC News},
    URL={https://www.liverpool.com/liverpool-fc-news/features/ian-graham-liverpool-transfer-ward-25596815},
     note={Last accessed 05 May 2023},
}

@misc{Liverpool2019,
    title={The unknown Liverpool backroom analyst who convinced Jurgen Klopp to commission transfers of Salah and Keita},
    year={2019},
    Author={Liverpool Echo},
    URL={https://www.liverpoolecho.co.uk/sport/football/transfer-news/unknown-liverpool-backroom-analyst-who-16320524},
    note={Last accessed 05 May 2023},
}

@article{Lui2021,
  title={Modulating scalable Gaussian processes for expressive statistical learning},
  author={Lui, Haitao and Ong, Yew-Soon and Jiang, Xiaomo and Wang, Xiaofang},
  journal={Pattern Recognition},
  volume={120},
  pages={108121},
  year={2021},
  publisher={Elsevier}
}

@inproceedings{Kaiser2020,
  title={Data association with Gaussian processes},
  author={Kaiser, Markus and Otte, Clemens and Runkler, Thomas A and Ek, Carl Henrik},
  booktitle={Machine Learning and Knowledge Discovery in Databases: European Conference, ECML PKDD 2019, W{\"u}rzburg, Germany, September 16--20, 2019, Proceedings, Part II},
  pages={548--564},
  year={2020},
  organization={Springer}
}

@misc{Blumberg2020,
    url = {https://robblumberg.github.io/exp-goals/},
    author = {Rob Blumberg},
    title= {A fully transparent expected-goals model},
    year = {2020},
    note={Last accessed 05 May 2023},
}

@book{RasmussenWilliams2006,
	author={Rasmussen, Carl Edward and Williams, Christopher KI},
	title={Gaussian Process for Machine Learning},
	year={2006},
	volume={2},
	number={3},
	publisher={MIT Press Cambridge, MA},
	url={http://gaussianprocess.org/gpml/},
}

@mastersthesis{Kaiser2017,
	title={Incorporating Uncertainty into Reinforcement Learning through Gaussian Processes},
	author={Kaiser, Markus},
	year={2017},
	url={https://github.com/mrksr/masters-thesis/blob/master/thesis/thesis.pdf}
}

@misc{Yi2019,
	title={Understanding Gaussian Process, the Socratic Way},
	author={Yi, Wei},
	year={2019},
	url={https://towardsdatascience.com/understanding-gaussian-process-the-socratic-way-ba02369d804},
	 note={Last accessed 05 May 2023},
}

@misc{Yi2020,
	title={Variational Gaussian Process (VGP) — What To Do When Things Are Not Gaussian},
	author={Yi, Wei},
	year={2020},
	url={https://towardsdatascience.com/variational-gaussian-process-what-to-do-when-things-are-not-gaussian-41197039f3d4},
	 note={Last accessed 05 May 2023},
}

@misc{SVGPYi2020,
	title={Sparse and Variational Gaussian Process (SVGP) — What To Do When Data is Large},
	author={Yi, Wei},
	year={2020},
	url={https://towardsdatascience.com/sparse-and-variational-gaussian-process-what-to-do-when-data-is-large-2d3959f430e7},
	 note={Last accessed 05 May 2023},
}

@thesis{Griffiths2023,
  url = {https://arxiv.org/pdf/2303.14291.pdf},
  author = {Griffiths, Ryan-Rhys},
  title = {Applications of Gaussian Processes at Extreme Lengthscales: From Molecules to Black Holes},
  year = {2023},
}

@misc{lbwWiki,
	title={Leg before wicket},
	url={https://en.wikipedia.org/wiki/Leg_before_wicket#},
	author={Wikipedia},
	year={2023},
	note={Last accessed 18 April 2023},
}

@misc{cricketWiki,
	title={Cricket},
	url={https://en.wikipedia.org/wiki/Cricket#},
	author={Wikipedia},
	year={2023},
	note={Last accessed 18 April 2023},
}

@inproceedings{Hensman2015,
  title={Scalable variational Gaussian process classification},
  author={Hensman, James and Matthews, Alexander and Ghahramani, Zoubin},
  booktitle={Artificial Intelligence and Statistics},
  pages={351--360},
  year={2015},
  organization={PMLR}
}

@article{Irvine2017,
	author = {Scott Irvine and Rodney Kennedy},
	title = {Analysis of performance indicators that most significantly affect International Twenty20 cricket},
	journal = {International Journal of Performance Analysis in Sport},
	volume = {17},
	number = {3},
	pages = {350-359},
	year  = {2017},
	publisher = {Routledge},
	url = { https://doi.org/10.1080/24748668.2017.1343989},
}

@article{Wickramasinghe2022,
	title = {Applications of Machine Learning in cricket: A systematic review},
	journal = {Machine Learning with Applications},
	volume = {10},
	pages = {100435},
	year = {2022},
	url = {https://www.sciencedirect.com/science/article/pii/S2666827022001104},
	author = {Indika Wickramasinghe},
}

@inproceedings{Chen2016,
  title={Xgboost: A scalable tree boosting system},
  author={Chen, Tianqi and Guestrin, Carlos},
  booktitle={Proceedings of the 22nd acm sigkdd international conference on knowledge discovery and data mining},
  pages={785--794},
  year={2016}
}

@article{GPflow2017,
    author = {Matthews, Alexander G. de G. and
              {van der Wilk}, Mark and
              Nickson, Tom and
              Fujii, Keisuke. and
              {Boukouvalas}, Alexis and
              {Le{\'o}n-Villagr{\'a}}, Pablo and
              Ghahramani, Zoubin and
              Hensman, James},
    title = "{{GP}flow: A {G}aussian process library using {T}ensor{F}low}",
    journal = {Journal of Machine Learning Research},
    year = {2017},
    month = {apr},
    volume = {18},
    number = {40},
    pages = {1-6},
    url = {http://jmlr.org/papers/v18/16-537.html}
}

@misc{Maddison2017,
      title={The Concrete Distribution: A Continuous Relaxation of Discrete Random Variables}, 
      author={Chris J. Maddison and Andriy Mnih and Yee Whye Teh},
      year={2017},
      url={https://arxiv.org/pdf/1611.00712.pdf}
}

@misc{tracking2022,
	title={cricket_tracking},
	author={opengoalapp},
	year={2022},
	url={https://github.com/opengoalapp/cricket_tracking},
}

@misc{statsbomb2022,
	title={Upgrading Expected Goals},
	author={Dinesh Vatvani},
	publisher={StatsBomb},
	year={2022},
	url={https://statsbomb.com/articles/soccer/upgrading-expected-goals/},
	note={Last accessed 01 May 2023}
}

@inproceedings{Ruiz2017,
  title={" The Leicester City Fairytale?" Utilizing New Soccer Analytics Tools to Compare Performance in the 15/16 \& 16/17 EPL Seasons},
  author={Ruiz, Hector and Power, Paul and Wei, Xinyu and Lucey, Patrick},
  booktitle={Proceedings of the 23rd ACM SIGKDD international conference on knowledge discovery and data mining},
  pages={1991--2000},
  year={2017}
}

@article{Girosi1995,
    author = {Girosi, Federico and Jones, Michael and Poggio, Tomaso},
    title = "{Regularization Theory and Neural Networks Architectures}",
    journal = {Neural Computation},
    volume = {7},
    number = {2},
    pages = {219-269},
    year = {1995},
    month = {03},
    url = {https://doi.org/10.1162/neco.1995.7.2.219},
}




